@inproceedings{sankaranarayanan2008symbolic,
  title={Symbolic model checking of hybrid systems using template polyhedra},
  author={Sankaranarayanan, Sriram and Dang, Thao and Ivan{\v{c}}i{\'c}, Franjo},
  booktitle={International Conference on Tools and Algorithms for the Construction and Analysis of Systems},
  pages={188--202},
  year={2008},
  organization={Springer}
}

@inproceedings{tiwari2008generating,
  title={Generating box invariants},
  author={Tiwari, Ashish},
  booktitle={International Workshop on Hybrid Systems: Computation and Control},
  pages={658--661},
  year={2008},
  organization={Springer}
}

@inproceedings{cousot1978automatic,
  title={Automatic discovery of linear restraints among variables of a program},
  author={Cousot, Patrick and Halbwachs, Nicolas},
  booktitle={Proceedings of the 5th ACM SIGACT-SIGPLAN symposium on Principles of programming languages},
  pages={84--96},
  year={1978}
}

@article{lobo1998applications,
  title={Applications of second-order cone programming},
  author={Lobo, Miguel Sousa and Vandenberghe, Lieven and Boyd, Stephen and Lebret, Herv{\'e}},
  journal={Linear algebra and its applications},
  volume={284},
  number={1-3},
  pages={193--228},
  year={1998},
  publisher={Elsevier}
}

@article{mine2006octagon,
  title={The octagon abstract domain},
  author={Min{\'e}, Antoine},
  journal={Higher-order and symbolic computation},
  volume={19},
  number={1},
  pages={31--100},
  year={2006},
  publisher={Springer}
}

@inproceedings{girard2005reachability,
  title={Reachability of uncertain linear systems using zonotopes},
  author={Girard, Antoine},
  booktitle={International Workshop on Hybrid Systems: Computation and Control},
  pages={291--305},
  year={2005},
  organization={Springer}
}

@inproceedings{allamigeon2008inferring,
  title={Inferring min and max invariants using max-plus polyhedra},
  author={Allamigeon, Xavier and Gaubert, St{\'e}phane and Goubault, Eric},
  booktitle={International Static Analysis Symposium},
  pages={189--204},
  year={2008},
  organization={Springer}
}

@inproceedings{kurzhanski2000ellipsoidal,
  title={Ellipsoidal techniques for reachability analysis},
  author={Kurzhanski, Alexander B and Varaiya, Pravin},
  booktitle={International Workshop on Hybrid Systems: Computation and Control},
  pages={202--214},
  year={2000},
  organization={Springer}
}

@inproceedings{adje2010coupling,
  title={Coupling policy iteration with semi-definite relaxation to compute accurate numerical invariants in static analysis},
  author={Adj{\'e}, Assal{\'e} and Gaubert, St{\'e}phane and Goubault, Eric},
  booktitle={European Symposium on Programming},
  pages={23--42},
  year={2010},
  organization={Springer}
}

@article{rodriguez2007automatic,
  title={Automatic generation of polynomial invariants of bounded degree using abstract interpretation},
  author={Rodr{\'\i}guez-Carbonell, Enric and Kapur, Deepak},
  journal={Science of Computer Programming},
  volume={64},
  number={1},
  pages={54--75},
  year={2007},
  publisher={Elsevier}
}

@inproceedings{adje2015quadratic,
  title={Quadratic zonotopes},
  author={Adj{\'e}, Assal{\'e} and Garoche, Pierre-Lo{\"\i}c and Werey, Alexis},
  booktitle={Asian Symposium on Programming Languages and Systems},
  pages={127--145},
  year={2015},
  organization={Springer}
}

@inproceedings{prajna2004safety,
  title={Safety verification of hybrid systems using barrier certificates},
  author={Prajna, Stephen and Jadbabaie, Ali},
  booktitle={International Workshop on Hybrid Systems: Computation and Control},
  pages={477--492},
  year={2004},
  organization={Springer}
}

@inproceedings{althoff2013reachability,
  title={Reachability analysis of nonlinear systems using conservative polynomialization and non-convex sets},
  author={Althoff, Matthias},
  booktitle={Proceedings of the 16th international conference on Hybrid systems: computation and control},
  pages={173--182},
  year={2013}
}

@article{allamigeon2016scalable,
  title={A scalable algebraic method to infer quadratic invariants of switched systems},
  author={Allamigeon, Xavier and Gaubert, St{\'e}phane and Stott, Nikolas and Goubault, {\'E}ric and Putot, Sylvie},
  journal={ACM Transactions on Embedded Computing Systems (TECS)},
  volume={15},
  number={4},
  pages={1--20},
  year={2016},
  publisher={ACM New York, NY, USA}
}

@article{allamigeon2017fast,
  title={A fast method to compute disjunctive quadratic invariants of numerical programs},
  author={Allamigeon, Xavier and Gaubert, St{\'e}phane and Goubault, Eric and Putot, Sylvie and Stott, Nikolas},
  journal={ACM Transactions on Embedded Computing Systems (TECS)},
  volume={16},
  number={5s},
  pages={1--19},
  year={2017},
  publisher={ACM New York, NY, USA}
}

@misc{kvasnica2005minkowski,
  title={Minkowski addition of convex polytopes},
  author={Kvasnica, Michal},
  year={2005}
}

@inproceedings{sun2006stability,
  title={Stability of switched systems with time-varying delays: delay-dependent common Lyapunov functional approach},
  author={Sun, Yuan Gong and Wang, Long and Xie, Guangming},
  booktitle={2006 American Control Conference},
  pages={6--pp},
  year={2006},
  organization={IEEE}
}

@article{pettersson2002hybrid,
  title={Hybrid system stability and robustness verification using linear matrix inequalities},
  author={Pettersson, Stefan and Lennartson, Bengt},
  journal={International Journal of Control},
  volume={75},
  number={16-17},
  pages={1335--1355},
  year={2002},
  publisher={Taylor \& Francis}
}

@article{daafouz2002stability,
  title={Stability analysis and control synthesis for switched systems: a switched Lyapunov function approach},
  author={Daafouz, Jamal and Riedinger, Pierre and Iung, Claude},
  journal={IEEE transactions on automatic control},
  volume={47},
  number={11},
  pages={1883--1887},
  year={2002},
  publisher={IEEE}
}

@article{hetel2013stabilization,
  title={Stabilization of linear impulsive systems through a nearly-periodic reset},
  author={Hetel, Laurentiu and Daafouz, Jamal and Tarbouriech, Sophie and Prieur, Christophe},
  journal={Nonlinear Analysis: Hybrid Systems},
  volume={7},
  number={1},
  pages={4--15},
  year={2013},
  publisher={Elsevier}
}

@inproceedings{fiacchini2014set,
  title={Set theory conditions for stability of linear impulsive systems},
  author={Fiacchini, Mirko and Mor{\u{a}}rescu, Irinel-Constantin},
  booktitle={53rd IEEE Conference on Decision and Control},
  pages={1527--1532},
  year={2014},
  organization={IEEE}
}

@article{al2015stability,
  title={Stability verification of nearly periodic impulsive linear systems using reachability analysis},
  author={Al Khatib, Mohammad and Girard, Antoine and Dang, Thao},
  journal={IFAC-PapersOnLine},
  volume={48},
  number={27},
  pages={358--363},
  year={2015},
  publisher={Elsevier}
}

@inproceedings{rajkumar2010cyber,
  title={Cyber-physical systems: the next computing revolution},
  author={Rajkumar, Ragunathan and Lee, Insup and Sha, Lui and Stankovic, John},
  booktitle={Design Automation Conference},
  pages={731--736},
  year={2010},
  organization={IEEE}
}

@article{derler2011modeling,
  title={Modeling cyber--physical systems},
  author={Derler, Patricia and Lee, Edward A and Vincentelli, Alberto Sangiovanni},
  journal={Proceedings of the IEEE},
  volume={100},
  number={1},
  pages={13--28},
  year={2011},
  publisher={IEEE}
}

@inproceedings{alur2011formal,
  title={Formal verification of hybrid systems},
  author={Alur, Rajeev},
  booktitle={Proceedings of the ninth ACM international conference on Embedded software},
  pages={273--278},
  year={2011}
}

@book{boyd2004convex,
  title={Convex optimization},
  author={Boyd, Stephen and Boyd, Stephen P and Vandenberghe, Lieven},
  year={2004},
  publisher={Cambridge university press}
}

@misc{grant2009cvx,
  title={CVX: Matlab software for disciplined convex programming},
  author={Grant, Michael and Boyd, Stephen and Ye, Yinyu},
  year={2009}
}

@article{bauer2012networked,
  title={Networked control systems toolbox: Robust stability analysis made easy},
  author={Bauer, Nicolas William and Van Loon, SJLM and Donkers, MCF and van de Wouw, Nathan and Heemels, WPMH},
  journal={IFAC Proceedings Volumes},
  volume={45},
  number={26},
  pages={55--60},
  year={2012},
  publisher={Elsevier}
}

@inproceedings{FLD+11,
    title = { SpaceEx: Scalable Verification of Hybrid Systems },
    author = {Frehse, Goran and Le Guernic, Colas and Donz\'e, Alexandre and Cotton, Scott and Ray, Rajarshi and Lebeltel, Olivier and Ripado, Rodolfo and Girard, Antoine and Dang, Thao and Maler, Oded},
    year = {2011},
    booktitle = {Proc. 23rd International Conference on Computer Aided Verification (CAV)},
    publisher = {Springer},
    series = {LNCS}
} 

@inproceedings{heinz2014benchmark,
  title={Benchmark: Reachability on a model with holes.},
  author={Heinz, Thomas and Oehlerking, Jens and Woehrle, Matthias},
  booktitle={ARCH@ CPSWeek},
  pages={31--36},
  year={2014}
}

@inproceedings{makhlouf2014networked,
  title={Networked Cooperative Platoon of Vehicles for Testing Methods and Verification Tools.},
  author={Makhlouf, Ibtissem Ben and Kowalewski, Stefan},
  booktitle={ARCH@ CPSWeek},
  pages={37--42},
  year={2014}
}

@article{wittenmark2002computer,
  title={Computer control: An overview},
  author={Wittenmark, Bj{\"o}rn and {\AA}str{\"o}m, Karl Johan and {\AA}rz{\'e}n, Karl-Erik},
  journal={IFAC Professional Brief},
  volume={1},
  pages={2},
  year={2002}
}

@article{kim2012cyber,
  title={Cyber--physical systems: A perspective at the centennial},
  author={Kim, Kyoung-Dae and Kumar, Panganamala R},
  journal={Proceedings of the IEEE},
  volume={100},
  number={Special Centennial Issue},
  pages={1287--1308},
  year={2012},
  publisher={IEEE}
}

@article{ding2018distributed,
  title={Distributed cooperative optimal control of DC microgrids with communication delays},
  author={Ding, Lei and Han, Qing-Long and Sindi, Eyad and others},
  journal={IEEE Transactions on Industrial Informatics},
  volume={14},
  number={9},
  pages={3924--3935},
  year={2018},
  publisher={IEEE}
}

@article{sandberg2015cyberphysical,
  title={Cyberphysical security in networked control systems: An introduction to the issue},
  author={Sandberg, Henrik and Amin, Saurabh and Johansson, Karl Henrik},
  journal={IEEE Control Systems Magazine},
  volume={35},
  number={1},
  pages={20--23},
  year={2015},
  publisher={IEEE}
}

@article{wang2018network,
  title={Network-based modelling and dynamic output feedback control for unmanned marine vehicles in network environments},
  author={Wang, Yu-Long and Han, Qing-Long},
  journal={Automatica},
  volume={91},
  pages={43--53},
  year={2018},
  publisher={Elsevier}
}

@article{zhang2013network,
  title={Network-based H$\infty$ filtering using a logic jumping-like trigger},
  author={Zhang, Xian-Ming and Han, Qing-Long},
  journal={Automatica},
  volume={49},
  number={5},
  pages={1428--1435},
  year={2013},
  publisher={Elsevier}
}

@article{hetel2006stabilization,
  title={Stabilization of arbitrary switched linear systems with unknown time-varying delays},
  author={Hetel, Laurentiu and Daafouz, Jamal and Iung, Claude},
  journal={IEEE Transactions on Automatic Control},
  volume={51},
  number={10},
  pages={1668--1674},
  year={2006},
  publisher={IEEE}
}

@inproceedings{adimoolam2017template,
  title={Template complex zonotopes for stability and invariant verification},
  author={Adimoolam, Arvind and Dang, Thao},
  booktitle={2017 American Control Conference (ACC)},
  pages={2544--2549},
  year={2017},
  organization={IEEE}
}

@inproceedings{adimoolam2016using,
  title={Using complex zonotopes for stability verification},
  author={Adimoolam, Arvind S and Dang, Thao},
  booktitle={2016 American Control Conference (ACC)},
  pages={4269--4274},
  year={2016},
  organization={IEEE}
}

@inproceedings{adimoolam2017augmented,
  title={Augmented Complex Zonotopes for Computing Invariants of Affine Hybrid Systems},
  author={Adimoolam, Arvind and Dang, Thao},
  booktitle={International Conference on Formal Modeling and Analysis of Timed Systems},
  pages={97--115},
  year={2017},
  organization={Springer}
}

@inproceedings{adimoolam2016template,
  title={Template complex zonotopes: a new set representation for verification of hybrid systems},
  author={Adimoolam, Arvind S and Dang, Thao},
  booktitle={2016 International Workshop on Symbolic and Numerical Methods for Reachability Analysis (SNR)},
  pages={1--2},
  year={2016},
  organization={IEEE}
}

@phdthesis{adimoolam2018calculus,
  title={A Calculus of Complex Zonotopes for Invariance and Stability Verification of Hybrid Systems},
  author={Adimoolam, Santosh Arvind},
  year={2018}
}